@unpublished{mccoy:hyperbolic,
	Author = {Duncan McCoy},
	Date-Added = {2019-01-03 22:08:27 +0000},
	Date-Modified = {2019-01-03 22:10:10 +0000},
	Month = {August},
	Note = {Available as arXiv:1807.11099},
	Title = {On the characterising slopes of hyperbolic knots},
	Year = {2018}}



@article{baker-motegi,
	Author = {Baker, Kenneth L. and Motegi, Kimihiko},
	Date-Added = {2018-10-16 14:28:38 +0000},
	Date-Modified = {2018-10-16 14:28:42 +0000},
	Doi = {10.2140/agt.2018.18.1461},
	Fjournal = {Algebraic \& Geometric Topology},
	Issn = {1472-2747},
	Journal = {Algebr. Geom. Topol.},
	Mrclass = {57M25},
	Mrnumber = {3784010},
	Mrreviewer = {Hyun-Jong Song},
	Number = {3},
	Pages = {1461--1480},
	Title = {Noncharacterizing slopes for hyperbolic knots},
	Url = {https://doi-org.ezproxy.cul.columbia.edu/10.2140/agt.2018.18.1461},
	Volume = {18},
	Year = {2018},
	Bdsk-Url-1 = {https://doi-org.ezproxy.cul.columbia.edu/10.2140/agt.2018.18.1461},
	Bdsk-Url-2 = {http://dx.doi.org/10.2140/agt.2018.18.1461}}



@article{twisting-knot-types,
	Author = {Kouno, Masaharu and Motegi, Kimihiko and Shibuya, Tetsuo},
	Month = {March},
	Year = {1991},
	Journal = {Journal of the Mathematical Society of Japan},
	Volume = {44},
	Number = {2},
	Pages = {199--216},
	Title = {Twisting and knot types},
	Url = {https://projecteuclid.org/download/pdf_1/euclid.jmsj/1227107588}}



@book{benedetti-petronio,
	address = "Berlin",
	title = "Lectures on hyperbolic geometry",
	publisher = "Springer",
	author = "Benedetti, Riccardo and Petronio, Carlo",
	year = "1992"}



@unpublished{thurston-notes,
	author = "William P. Thurston",
	url = "http://library.msri.org/books/gt3m/",
	title = "The geometry and topology of three-manifolds",
	year = "1978--1980"}



@article{cooper-lackenby,
	author = "Cooper, Daryl and Lackenby, Marc",
	doi = "10.4310/jdg/1214424971",
	fjournal = "Journal of Differential Geometry",
	journal = "J. Differential Geom.",
	number = "3",
	pages = "591--624",
	publisher = "Lehigh University",
	title = "Dehn surgery and negatively curved 3-manifolds",
	url = "https://doi.org/10.4310/jdg/1214424971",
	volume = "50",
	year = "1998"}



@article{futer,
	author = "Futer, D. and Kalfagianni, E. and Purcel, J.",
	doi = "10.4310/jdg/1207834551",
	fjournal = "Journal of Differential Geometry",
	journal = "J. Differential Geom.",
	month = "March",
	number = "3",
	pages = "429--464",
	publisher = "Lehigh University",
	title = "Dehn filling, volume, and the Jones polynomial",
	url = "https://doi.org/10.4310/jdg/1207834551",
	volume = "78",
	year = "2008"}